@article{刘童童离散选择实验用于癌症筛查偏好的国际研究进展,
  title={离散选择实验用于癌症筛查偏好的国际研究进展},
  author={刘童童 and 李顺平 and 陈钢},
  journal={中国卫生经济},
  number={5},
}

@article{milte2014cognitive,
  title={Cognitive overload? An exploration of the potential impact of cognitive functioning in discrete choice experiments with older people in health care},
  author={Milte, Rachel and Ratcliffe, Julie and Chen, Gang and Lancsar, Emily and Miller, Michelle and Crotty, Maria},
  journal={Value in health},
  volume={17},
  number={5},
  pages={655--659},
  year={2014},
  publisher={Elsevier}
}

@article{kjaer2008preference,
  title={Preference heterogeneity and choice of cardiac rehabilitation program: results from a discrete choice experiment},
  author={Kj{\ae}r, Trine and Gyrd-Hansen, Dorte},
  journal={Health policy},
  volume={85},
  number={1},
  pages={124--132},
  year={2008},
  publisher={Elsevier}
}

@article{eberth2009does,
  title={Does one size fit all? Investigating heterogeneity in men’s preferences for benign prostatic hyperplasia treatment using mixed logit analysis},
  author={Eberth, Barbara and Watson, Verity and Ryan, Mandy and Hughes, Jenny and Barnett, Gillian},
  journal={Medical Decision Making},
  volume={29},
  number={6},
  pages={707--715},
  year={2009},
  publisher={Sage Publications Sage CA: Los Angeles, CA}
}

@article{宋奎勐利用离散选择实验研究卫生服务人员工作偏好的国际研究进展,
  title={利用离散选择实验研究卫生服务人员工作偏好的国际研究进展},
  author={宋奎勐 and 孟庆跃 and Anthony Scott and Peter Sivey},
  journal={中国卫生经济},
  number={10},
  pages={93-95},
}

@article{杨欣2016基于潜在分类模型的农田生态补偿标准测算,
  title={基于潜在分类模型的农田生态补偿标准测算——一个离散选择实验模型的实证},
  author={杨欣 and Burton, Michael and 张安录},
  journal={中国人口{\textperiodcentered} 资源与环境},
  volume={26},
  number={7},
  pages={27--36},
  year={2016}
}